@article{Iwai2012,
  title={A100 white paper},
  author={Iwai, Keisuke, et al.},
  journal={International Journal of Networking and Computing},
  volume={2},
  number={1},
  pages={131--145},
  year={2012}
}

@article{Ma2017,
  title={Implementation and Evaluation of Different Parallel Designs of AES Using CUDA},
  author={Ma, Jianwei, et al.},
  journal={2017 IEEE Second International Conference on Data Science in Cyberspace (DSC)},
  year={2017}
}

@article{Saxena2020,
  title={Accelerating Image Encryption with AES Using GPU: A Quantitative Analysis},
  author={Saxena, Aryan, et al.},
  journal={Intelligent Systems Design and Applications},
  year={2020}
}